<?xml version="1.0" encoding="UTF-8"?><collection xmlns="http://www.loc.gov/MARC21/slim"><record><leader>00312nam--2200121-i-4500</leader><controlfield tag="001">000041114</controlfield><controlfield tag="002">20161230</controlfield><controlfield tag="005">20161230201043</controlfield><controlfield tag="008">060222s1000------------r-----000-0-eng-d</controlfield><datafield ind1=" " ind2=" " tag="080"><subfield code="a">621.382</subfield></datafield><datafield ind1=" " ind2=" " tag="245"><subfield code="a">The semiconductor data book</subfield></datafield><datafield ind1=" " ind2=" " tag="260"><subfield code="a">Phoenix, Arizona, Motorola Inc.,1969. X + 258 P. + P.Dif</subfield></datafield><datafield ind1=" " ind2=" " tag="852"><subfield code="a">31263</subfield></datafield></record></collection>